This file was created with JabRef 1.8.1.
Encoding: UTF8


@Online{Apache_Subversion_2015-07-26, title = {Apache Subversion}, author = {}, organization = {}, file = {:./references/Apache Subversion.html:html}, url = {https://subversion.apache.org/}, urldate = {2015-07-26} }
@Online{Git_2015-07-26, title = {Git}, author = {}, organization = {}, file = {:./references/Git.html:html}, url = {http://www.git-scm.com/}, urldate = {2015-07-26} }
@Online{Git_and_Mercurial_code_management_for_teams_2015-07-26, title = {Git and Mercurial code management for teams}, author = {}, organization = {}, file = {:./references/Git and Mercurial code management for teams.html:html}, url = {https://bitbucket.org/}, urldate = {2015-07-26} }
@Online{Bamboo_2015-07-26, title = {Continuous Integration \& Build Server - Bamboo | Atlassian}, author = {}, organization = {}, file = {:./references/Continuous Integration & Build Server - Bamboo | Atlassian.html:html}, url = {https://www.atlassian.com/software/bamboo}, urldate = {2015-07-26} }
@Online{Selenium_-_Web_Browser_Automation_2015-07-26, title = {Selenium - Web Browser Automation}, author = {}, organization = {}, file = {:./references/Selenium - Web Browser Automation.html:html}, url = {http://docs.seleniumhq.org/}, urldate = {2015-07-26} }
@Online{Happy_10th_Birthday_Selenium_ThoughtWorks_2015-07-26, title = {Happy 10th Birthday, Selenium | ThoughtWorks}, author = {}, organization = {}, file = {:./references/Happy 10th Birthday, Selenium | ThoughtWorks.html:html}, url = {http://www.thoughtworks.com/insights/blog/happy-10th-birthday-selenium}, urldate = {2015-07-26} }
@Online{Sauce_Labs_2015-07-26, title = {Sauce Labs: Selenium Testing, Mobile Testing, JS Unit Testing and More}, author = {}, organization = {}, file = {:./references/Sauce Labs: Selenium Testing, Mobile Testing, JS Unit Testing and More.html:html}, url = {https://saucelabs.com/}, urldate = {2015-07-26} }
@Online{Cross_Browser_Testing_2015-07-26, title = {Cross Browser Testing. Real mobile devices \& browsers!}, author = {}, organization = {}, file = {:./references/Cross Browser Testing. Real mobile devices & browsers!.html:html}, url = {https://crossbrowsertesting.com/}, urldate = {2015-07-26} }
@Online{Platforms_2015-07-26, title = {Platforms}, author = {}, organization = {}, file = {:./references/Platforms.html:html}, url = {https://saucelabs.com/platforms/}, urldate = {2015-07-26} }
@Online{OS_Browser_Configurations_for_Cross_Browser_Compatibility_Testing_2015-07-26, title = {OS \& Browser Configurations for Cross Browser Compatibility Testing | Pick an OS Pick a Browser Test a Website}, author = {}, organization = {}, file = {:./references/OS & Browser Configurations for Cross Browser Compatibility Testing | Pick an OS Pick a Browser Test a Website.html:html}, url = {https://crossbrowsertesting.com/browsers}, urldate = {2015-07-26} }
@Online{Sauce_Labs_Pricing_2015-07-26, title = {Sauce Labs: Pricing}, author = {}, organization = {}, file = {:./references/Sauce Labs: Pricing.html:html}, url = {https://saucelabs.com/pricing}, urldate = {2015-07-26} }
@Online{Test_your_site_on_all_browsers_2015-07-26, title = {CrossBrowserTesting Pricing Model}, author = {}, organization = {}, file = {:./references/Test your site on all browsers! IE6, Macs, iPhones, iPads, Android, Blackberry! | Pick an OS Pick a Browser Test a Website.html:html}, url = {https://crossbrowsertesting.com/pricing#plans}, urldate = {2015-07-26} }
@Online{OSI-Modell__Wikipedia_2015-07-30, title = {OSI-Modell – Wikipedia}, author = {}, organization = {}, file = {:./references/OSI-Modell – Wikipedia.html:html}, url = {https://de.wikipedia.org/wiki/OSI-Modell#Schicht_7_.E2.80.93_Anwendungsschicht_.28Application_Layer.29}, urldate = {2015-07-30} }
@Online{Happy_path_-_Wikipedia_the_free_encyclopedia_2015-07-30, title = {Happy path - Wikipedia, the free encyclopedia}, author = {}, organization = {}, file = {:./references/Happy path - Wikipedia, the free encyclopedia.html:html}, url = {https://en.wikipedia.org/wiki/Happy_path}, urldate = {2015-07-30} }
@Online{Smoke_testing_software_-_Wikipedia_the_free_encyclopedia_2015-08-01, title = {Smoke testing (software) - Wikipedia, the free encyclopedia}, author = {}, organization = {}, file = {:./references/Smoke testing (software) - Wikipedia, the free encyclopedia.html:html}, url = {https://en.wikipedia.org/wiki/Smoke_testing_(software)}, urldate = {2015-08-01} }
@Online{Selenium_-_Web_Browser_Automation_2015-09-26, title = {Selenium - Web Browser Automation}, author = {}, organization = {}, file = {:./references/Selenium - Web Browser Automation.html:html}, url = {http://docs.seleniumhq.org/}, urldate = {2015-09-26} }
@Online{NUnit_-_Home_2015-09-26, title = {NUnit - Home}, author = {}, organization = {}, file = {:./references/NUnit - Home.html:html}, url = {http://www.nunit.org/}, urldate = {2015-09-26} }
@Online{Selenium_IDE_Plugins_2015-09-26, title = {Selenium IDE Plugins}, author = {}, organization = {}, file = {:./references/Selenium IDE Plugins.html:html}, url = {http://docs.seleniumhq.org/projects/ide/}, urldate = {2015-09-26} }
@Online{Download_Firefox__Free_Web_Browser__Mozilla_2015-09-26, title = {Download Firefox — Free Web Browser — Mozilla}, author = {}, organization = {}, file = {:./references/Download Firefox — Free Web Browser — Mozilla.html:html}, url = {https://www.mozilla.org/en-US/firefox/new/}, urldate = {2015-09-26} }
@Online{Selenium_software_-_Wikipedia,_the_free_encyclopedia_2015-09-26, title = {Selenium (software) - Wikipedia, the free encyclopedia}, author = {}, organization = {}, file = {:./references/Selenium (software) - Wikipedia, the free encyclopedia.html:html}, url = {https://en.wikipedia.org/wiki/Selenium_(software)}, urldate = {2015-09-26} }
